@article{DBLP:journals/corr/abs-1301-3781,
  author    = {Tomas Mikolov and
               Kai Chen and
               Greg Corrado and
               Jeffrey Dean},
  title     = {Efficient Estimation of Word Representations in Vector Space},
  journal   = {CoRR},
  volume    = {abs/1301.3781},
  year      = {2013},
  url       = {http://arxiv.org/abs/1301.3781},
  timestamp = {Thu, 07 May 2015 20:02:01 +0200},
  biburl    = {http://dblp.uni-trier.de/rec/bib/journals/corr/abs-1301-3781},
  bibsource = {dblp computer science bibliography, http://dblp.org}
}
@article{DBLP:journals/corr/MikolovSCCD13,
  author    = {Tomas Mikolov and
               Ilya Sutskever and
               Kai Chen and
               Greg Corrado and
               Jeffrey Dean},
  title     = {Distributed Representations of Words and Phrases and their Compositionality},
  journal   = {CoRR},
  volume    = {abs/1310.4546},
  year      = {2013},
  url       = {http://arxiv.org/abs/1310.4546},
  timestamp = {Thu, 07 May 2015 20:02:01 +0200},
  biburl    = {http://dblp.uni-trier.de/rec/bib/journals/corr/MikolovSCCD13},
  bibsource = {dblp computer science bibliography, http://dblp.org}
}
@article{DBLP:journals/nn/GravesS05,
  author    = {Alex Graves and
               J{\"{u}}rgen Schmidhuber},
  title     = {Framewise phoneme classification with bidirectional {LSTM} and other
               neural network architectures},
  journal   = {Neural Networks},
  volume    = {18},
  number    = {5-6},
  pages     = {602--610},
  year      = {2005},
  url       = {http://dx.doi.org/10.1016/j.neunet.2005.06.042},
  doi       = {10.1016/j.neunet.2005.06.042},
  timestamp = {Thu, 10 Nov 2005 15:02:49 +0100},
  biburl    = {http://dblp.uni-trier.de/rec/bib/journals/nn/GravesS05},
  bibsource = {dblp computer science bibliography, http://dblp.org}
}
@article{DBLP:journals/corr/FaruquiTND15,
  author    = {Manaal Faruqui and
               Yulia Tsvetkov and
               Graham Neubig and
               Chris Dyer},
  title     = {Morphological Inflection Generation Using Character Sequence to Sequence
               Learning},
  journal   = {CoRR},
  volume    = {abs/1512.06110},
  year      = {2015},
  url       = {http://arxiv.org/abs/1512.06110},
  timestamp = {Sat, 02 Jan 2016 11:38:49 +0100},
  biburl    = {http://dblp.uni-trier.de/rec/bib/journals/corr/FaruquiTND15},
  bibsource = {dblp computer science bibliography, http://dblp.org}
}
@article{IEEE:journals/singals/Schuster1997,
  author    = {Mike Schuster and Kuldip K. Paliwal},
  title     = {Bidirectional Recurrent Neural Networks},
  journal   = {IEEE TRANSACTIONS ON SIGNAL PROCESSING},
  volume    = {VOL. 45, NO. 11,},
  year      = {1997},
  url       = {http://www.di.ufpe.br/~fnj/RNA/bibliografia/BRNN.pdf}
}
@article{Bengio:2003:NPL:944919.944966,
 author = {Yoshua Bengio, R{\'e}jean Ducharme, Pascal Vincent and ChristianJanvin},
 title = {A Neural Probabilistic Language Model},
 journal = {J. Mach. Learn. Res.},
 issue_date = {3/1/2003},
 volume = {3},
 month = mar,
 year = {2003},
 issn = {1532-4435},
 pages = {1137--1155},
 numpages = {19},
 publisher = {JMLR.org},
}
@incollection{Hinton:1986:DR:104279.104287,
 author = {Hinton, G. E. and McClelland, J. L. and Rumelhart, D. E.},
 chapter = {3},
 title = {Distributed Representations},
 editor = {Rumelhart, David E. and McClelland, James L. and PDP Research Group, CORPORATE},
 year = {1986},
 isbn = {0-262-68053-X},
 pages = {77--109},
 numpages = {33},
 publisher = {MIT Press},
 booktitle = {Parallel Distributed Processing}
}
@misc{ olah:lstm:2015,
   author = "Christopher Olah",
   title = "Understanding LSTM Networks",
   year = "2015",
   url = "http://colah.github.io/posts/2015-08-Understanding-LSTMs/",
   note = "[Online; accessed 16-May-2016]"
 }
@article{DBLP:journals/corr/LingLMAADBT15,
  author    = {Wang Ling and
               Tiago Lu{\'{\i}}s and
               Lu{\'{\i}}s Marujo and
               Ram{\'{o}}n Fernandez Astudillo and
               Silvio Amir and
               Chris Dyer and
               Alan W. Black and
               Isabel Trancoso},
  title     = {Finding Function in Form: Compositional Character Models for Open
               Vocabulary Word Representation},
  journal   = {CoRR},
  volume    = {abs/1508.02096},
  year      = {2015},
  url       = {http://arxiv.org/abs/1508.02096},
  timestamp = {Tue, 01 Sep 2015 14:42:40 +0200},
  biburl    = {http://dblp.uni-trier.de/rec/bib/journals/corr/LingLMAADBT15},
  bibsource = {dblp computer science bibliography, http://dblp.org}
}
@article{Sahlgren2008,
author = {Sahlgren, Magnus},
journal = {Italian Journal of Linguistics},
keywords = {SML-LIB-BIBLIO,distributional measures},
mendeley-tags = {SML-LIB-BIBLIO,distributional measures},
number = {1},
pages = {33--54},
title = {{The distributional hypothesis}},
volume = {20},
year = {2008}
}
@article{DBLP:journals/corr/LebretL13,
  author    = {R{\'{e}}mi Lebret and
               Ronan Lebret},
  title     = {Word Emdeddings through Hellinger {PCA}},
  journal   = {CoRR},
  volume    = {abs/1312.5542},
  year      = {2013},
  url       = {http://arxiv.org/abs/1312.5542},
  timestamp = {Mon, 06 Jan 2014 15:10:41 +0100},
  biburl    = {http://dblp.uni-trier.de/rec/bib/journals/corr/LebretL13},
  bibsource = {dblp computer science bibliography, http://dblp.org}
}
@misc{tensorflow:word2vec,
   author = "Tensorflow",
   title = "Vector Representations of Words",
   year = "2016",
   url = "https://www.tensorflow.org/versions/r0.8/tutorials/word2vec/index.html",
   note = "[Online; accessed 22-May-2016]"
 }
 @misc{peirsman:2015,
   author = "Yves Peirsman",
   title = "Visualizing Word Embeddings with t-SNE",
   year = "2015",
   url = "http://nlp.yvespeirsman.be/blog/visualizing-word-embeddings-with-tsne/",
   note = "[Online; accessed 17-June-2016]"
 }
 @INPROCEEDINGS{Glorot10understandingthe,
    author = {Xavier Glorot and Yoshua Bengio},
    title = {Understanding the difficulty of training deep feedforward neural networks},
    pages = {249--256},
    booktitle = {In Proceedings of the International Conference on Artificial Intelligence and Statistics (AISTATSâ€™10). Society for Artificial Intelligence and Statistics},
    year = {2010}
}
@inproceedings{icml2015_jozefowicz15,
   publisher = {JMLR Workshop and Conference Proceedings},
   title="An Empirical Exploration of Recurrent Network Architectures",
   author={Jozefowicz, Rafal and Zaremba, Wojciech and Sutskever, Ilya},
   year="2015",
   booktitle="Proceedings of the 32nd International Conference on Machine Learning (ICML-15)",
   editor={David Blei and Francis Bach},
   pages="2342-2350",
   url="http://jmlr.org/proceedings/papers/v37/jozefowicz15.pdf"
} 
@inproceedings{Luong-etal:conll13:morpho,
  address = {Sofia, Bulgaria},
  author = {Luong, Minh-Thang  and  Socher, Richard and Manning, Christopher D.},
  booktitle = {CoNLL},
  title = {Better Word Representations with Recursive Neural Networks for Morphology},
  year = {2013}
}
@article{DBLP:journals/corr/BothaB14,
  author    = {Jan A. Botha and
               Phil Blunsom},
  title     = {Compositional Morphology for Word Representations and Language Modelling},
  journal   = {CoRR},
  volume    = {abs/1405.4273},
  year      = {2014},
  url       = {http://arxiv.org/abs/1405.4273},
  timestamp = {Mon, 02 Jun 2014 08:30:36 +0200},
  biburl    = {http://dblp.uni-trier.de/rec/bib/journals/corr/BothaB14},
  bibsource = {dblp computer science bibliography, http://dblp.org}
}
@inproceedings{DBLP:conf/interspeech/MikolovKBCK10,
  author    = {Tomas Mikolov and
               Martin Karafi{\'{a}}t and
               Luk{\'{a}}s Burget and
               Jan Cernock{\'{y}} and
               Sanjeev Khudanpur},
  title     = {Recurrent neural network based language model},
  booktitle = {{INTERSPEECH} 2010, 11th Annual Conference of the International Speech
               Communication Association, Makuhari, Chiba, Japan, September 26-30,
               2010},
  pages     = {1045--1048},
  year      = {2010},
  url       = {http://www.isca-speech.org/archive/interspeech_2010/i10_1045.html},
}
@article{Shannon:1948,
  author = {Shannon, Claude E.},
  journal = {The Bell System Technical Journal},
  pages = {379--423},
  title = {{A} {M}athematical {T}heory of {C}ommunication},
  volume = 27,
  year = 1948
}
@article{Schwenk:2007:CSL:1230156.1230409,
 author = {Schwenk, Holger},
 title = {Continuous Space Language Models},
 journal = {Comput. Speech Lang.},
 issue_date = {July, 2007},
 volume = {21},
 number = {3},
 month = jul,
 year = {2007},
 issn = {0885-2308},
 pages = {492--518},
 numpages = {27},
 url = {http://dx.doi.org/10.1016/j.csl.2006.09.003},
 doi = {10.1016/j.csl.2006.09.003},
 acmid = {1230409},
 publisher = {Academic Press Ltd.},
 address = {London, UK, UK},
}

